<collection xmlns="http://www.loc.gov/MARC21/slim">
<record>
  <leader>00301na 0a22000971i 450 </leader>
  <controlfield tag="001">IT\ICCU\CNCE\050015</controlfield>
  <controlfield tag="005">20021208000000.0</controlfield>
  <datafield tag="100" ind1=" " ind2=" ">
    <subfield code="a">19991213             0itac0103    ba</subfield>
  </datafield>
  <datafield tag="101" ind1=" " ind2=" ">
    <subfield code="a">ITA</subfield>
  </datafield>
  <datafield tag="200" ind1="1" ind2=" ">
    <subfield code="a">Rosario della gloriosa Verg. Maria con le indulgentie concesse da diuersi sommi pontefici</subfield>
  </datafield>
  <datafield tag="801" ind1=" " ind2="3">
    <subfield code="a">IT</subfield>
    <subfield code="b">ICCU</subfield>
    <subfield code="c">20201115</subfield>
  </datafield>
</record>
</collection>
